<?xml version="1.0" encoding="UTF-8"?><record xmlns="http://www.loc.gov/MARC21/slim" xmlns:cinclude="http://apache.org/cocoon/include/1.0" xmlns:zs="http://www.loc.gov/zing/srw/">
  <leader>00600cz  a2200145n  4500</leader>
  <controlfield tag="001">n  84128866 </controlfield>
  <controlfield tag="003">DLC</controlfield>
  <controlfield tag="005">20081207081109.0</controlfield>
  <controlfield tag="008">841115n| acannaabn          |n aaa      </controlfield>
  <datafield tag="010" ind1=" " ind2=" ">
    <subfield code="a">n  84128866 </subfield>
  </datafield>
  <datafield tag="035" ind1=" " ind2=" ">
    <subfield code="a">(OCoLC)oca01226345</subfield>
  </datafield>
  <datafield tag="040" ind1=" " ind2=" ">
    <subfield code="a">DLC</subfield>
    <subfield code="b">eng</subfield>
    <subfield code="c">DLC</subfield>
    <subfield code="d">OCoLC</subfield>
  </datafield>
  <datafield tag="100" ind1="1" ind2=" ">
    <subfield code="a">Schumacher, Hans-Harald</subfield>
  </datafield>
  <datafield tag="670" ind1=" " ind2=" ">
    <subfield code="a">Sozio-oĚkon. Aspekte von Tropenkrankheiten in Afrika, 1981:</subfield>
    <subfield code="b">t.p. (Hans-Harald Schumacher) p. 145 (Hans-H. Schumacher, Prof. Dr. med.; chm., Direktorium, Bernhard-Nocht-Institut f. Schiffs- u. Tropenkrankheiten, Hamburg)</subfield>
  </datafield>
  <datafield tag="670" ind1=" " ind2=" ">
    <subfield code="a">LC data base, 11-13-84</subfield>
    <subfield code="b">(hdg.: Schumacher, Hans-Harald)</subfield>
  </datafield>
</record>